@article{puffofsteem,
  title={A Puff of Steem: Security Analysis of Decentralized Content Curation},
  author={Kiayias, Aggelos and Livshits, Benjamin and Monteoliva Mosteiro,
  Andr\'es and Thyfronitis Litos, Orfeas Stefanos},
  journal={Tokenomics},
  year={2019}
}

@inproceedings{canetti2001universally,
  title={Universally composable security: A new paradigm for cryptographic
  protocols},
  author={Canetti, Ran},
  booktitle={Proceedings 2001 IEEE International Conference on Cluster
  Computing},
  pages={136--145},
  year={2001},
  organization={IEEE}
}

@splncs{lightning,
  author = "Poon, Joseph and Dryja, Thaddeus",
  title = "The Bitcoin Lightning Network: Scalable Off-Chain Instant Payments"
  note = "\url{https://lightning.network/lightning-network-paper.pdf} Technical
  Report (draft)",
  year = "2016"
}

@inproceedings{garay2015bitcoin,
  title={The bitcoin backbone protocol: Analysis and applications},
  author={Garay, Juan and Kiayias, Aggelos and Leonardos, Nikos},
  booktitle={Annual International Conference on the Theory and Applications of
  Cryptographic Techniques},
  pages={281--310},
  year={2015},
  organization={Springer}
}

@inproceedings{kiayias2017ouroboros,
  title={Ouroboros: A provably secure proof-of-stake blockchain protocol},
  author={Kiayias, Aggelos and Russell, Alexander and David, Bernardo and
  Oliynykov, Roman},
  booktitle={Annual International Cryptology Conference},
  pages={357--388},
  year={2017},
  organization={Springer}
}

@inproceedings{genesis,
  title={Ouroboros genesis: Composable proof-of-stake blockchains with dynamic
  availability},
  author={Badertscher, Christian and Ga{\v{z}}i, Peter and Kiayias, Aggelos and
  Russell, Alexander and Zikas, Vassilis},
  booktitle={Proceedings of the 2018 ACM SIGSAC Conference on Computer and
  Communications Security},
  pages={913--930},
  year={2018},
  organization={ACM}
}

@splncs{bitcoin,
  author	= "Nakamoto, Satoshi",
  title		= "Bitcoin: A Peer-to-Peer Electronic Cash System",
  year		= "2008"
}

